@article{Tirado2015BreakingTC,
  title={Breaking the computational barriers of pairwise genome comparison},
  author={{\'O}scar Torre{\~n}o Tirado and O. Trelles},
  journal={BMC Bioinformatics},
  year={2015},
  volume={16}
}
@article{Minkin2019ScalableMW,
  title={Scalable multiple whole-genome alignment and locally collinear block construction with SibeliaZ},
  author={Ilia Minkin and Paul Medvedev},
  journal={bioRxiv},
  year={2019}
}
@article{Diaz2019Visualizer,
author = {Sergio Diaz-del-Pino and Pablo Rodriguez-Brazzarola and Esteban Perez-Wohlfeil and Oswaldo Trelles},
title ={Combining Strengths for Multi-genome Visual Analytics Comparison},
journal = {Bioinformatics and Biology Insights},
volume = {13},
number = {},
pages = {1177932218825127},
year = {2019},
doi = {10.1177/1177932218825127}
}
@article{Berard2016Bacterio,
author = {Bérard, Sèverine and Chateau, Annie and Pompidor, Nicolas and Guertin, Paul and Bergeron, Anne and Swenson, Krister},
year = {2016},
month = {01},
pages = {},
title = {Aligning the unalignable: Bacteriophage whole genome alignments},
volume = {17},
journal = {BMC Bioinformatics},
doi = {10.1186/s12859-015-0869-5}
}
@article{Duran2017chainCleanerIG,
  title={chainCleaner improves genome alignment specificity and sensitivity},
  author={Hernando G. Suarez Duran and Bjoern E. Langer and Pradnya Ladde and Michael Hiller},
  journal={Bioinformatics},
  year={2017},
  volume={33},
  pages={1596–1603}
}
@article{Diaz2019MGV,
author = {Sergio Diaz-del-Pino and Pablo Rodriguez-Brazzarola and Esteban Perez-Wohlfeil and Oswaldo Trelles},
title ={Combining Strengths for Multi-genome Visual Analytics Comparison},
journal = {Bioinformatics and Biology Insights},
volume = {13},
number = {},
pages = {1177932218825127},
year = {2019},
doi = {10.1177/1177932218825127}
}
@article{PrezWohlfeil2019UltrafastGC,
author = {Pérez-Wohlfeil, Esteban and Diaz-del-Pino, Sergio and Trelles, Oswaldo},
year = {2019},
month = {07},
pages = {},
title = {Ultra-fast genome comparison for large-scale genomic experiments},
volume = {9},
journal = {Scientific Reports},
doi = {10.1038/s41598-019-46773-w}
}
@article{Diaz2021XCOUT,
author = {Sergio Diaz-del-Pino and Esteban Perez-Wohlfeil and Oswaldo Trelles},
title ={Unraveling Genome Evolution Throughout Visual Analysis: The XCout Portal},
journal = {Bioinformatics and Biology Insights},
volume = {15},
number = {},
pages = {11779322211021422},
year = {2021},
doi = {10.1177/11779322211021422}
}
@book{xiong_2006, place={Cambridge}, title={Essential Bioinformatics}, DOI={10.1017/CBO9780511806087}, publisher={Cambridge University Press}, author={Xiong, Jin}, year={2006}
}
@article{psiBlast,
    author = {Altschul, Stephen F. and Madden, Thomas L. and Schäffer, Alejandro A. and Zhang, Jinghui and Zhang, Zheng and Miller, Webb and Lipman, David J.},
    title = "{Gapped BLAST and PSI-BLAST: a new generation of protein database search programs}",
    journal = {Nucleic Acids Research},
    volume = {25},
    number = {17},
    pages = {3389-3402},
    year = {1997},
    month = {09},
    issn = {0305-1048},
    doi = {10.1093/nar/25.17.3389},
    url = {https://doi.org/10.1093/nar/25.17.3389},
    eprint = {https://academic.oup.com/nar/article-pdf/25/17/3389/3639509/25-17-3389.pdf},
}
@article{NakatoCGALN,
author = {Nakato, Ryuichiro and Gotoh, Osamu},
year = {2010},
month = {04},
pages = {224},
title = {Cgaln: Fast and space-efficient whole-genome alignment},
volume = {11},
journal = {BMC bioinformatics},
doi = {10.1186/1471-2105-11-224}
}
@article{PatternHunter,
author = {ma, Bin and Tromp, John and Li, Ming},
year = {2002},
month = {04},
pages = {440-5},
title = {PATTERNHUNTER: faster and more sensitive homology search},
volume = {18},
journal = {Bioinformatics (Oxford, England)},
doi = {10.1093/bioinformatics/18.3.440}
}
@inproceedings{IMSAME,
author = {Pérez-Wohlfeil, Esteban and Torreno, Oscar and Trelles, Oswaldo},
year = {2017},
month = {04},
pages = {74-80},
title = {Pairwise and Incremental Multi-stage Alignment of Metagenomes: A New Proposal},
isbn = {978-3-319-56153-0},
doi = {10.1007/978-3-319-56154-7_8}
}
@inproceedings{BartonGapsMis,
author = {Barton, Carl and Flouri, Tom\'{a}\v{s} and Iliopoulos, Costas S. and Pissis, Solon P.},
title = {GapsMis: Flexible Sequence Alignment with a Bounded Number of Gaps},
year = {2013},
isbn = {9781450324342},
publisher = {Association for Computing Machinery},
address = {New York, NY, USA},
url = {https://doi.org/10.1145/2506583.2506584},
doi = {10.1145/2506583.2506584},
booktitle = {Proceedings of the International Conference on Bioinformatics, Computational Biology and Biomedical Informatics},
pages = {402–411},
numpages = {10},
keywords = {pairwise sequence alignment, short-read mapping, gaps},
location = {Wshington DC, USA},
series = {BCB'13}
}
@article{Bowtie,
author = {Langmead, B. and Trapnell, C. and Pop, M. and Salzberg, S.L.},
year = {2009},
month = {01},
pages = {},
title = {Ultrafast and memory-efficient alignment of short DNA sequences to the human genome},
volume = {10},
journal = {Genome Biol}
}
@article{BlastPaper,
author = {Altschul, Stephen and Gish, Warren and Miller, Webb and Myers, Eugene and Lipman, David},
year = {1990},
month = {11},
pages = {403-10},
title = {Basic Local Aligment Search Tool},
volume = {215},
journal = {Journal of molecular biology},
doi = {10.1016/S0022-2836(05)80360-2}
}
@inproceedings{Tirado2017HighPC,
  title={High performance computing in the cloud},
  author={{\'O}scar Torre{\~n}o Tirado},
  year={2017}
}

